@misc{csharp, 
    author       = "Microsoft",
    title        = "C\# specifikationen",
    year         = 2010,
    url  = "http://msdn.microsoft.com/en-us/library/bb308966.aspx"
}

@book{jones87,
    author       = "Jones, S. P.",
    year         = 1987,
    title        = "The Implementation of Functional Programming Languages",
    publisher    = "Prentice Hall",
    howpublished = "\url{http://research.microsoft.com/en-us/um/people/simonpj/papers/slpj-book-1987/}"
}

@book{haskell98,
    title     = "Haskell 98 language and libraries: the Revised Report",
    editor    = "S. P. Jones",
    year      = 2003,
    publisher = "Cambridge University Press"
}

@manual{javascript,
    title        = "ECMAScript Language Specification",
    organization = "ECMA International",
    edition      = 5,
    year         = 2009
}

@article{why,
    title   = "Why Functional Programming Matters",
    author  = "J. Hughes",
    year    = 1989,
    journal = "The Computer Journal",
    pages   = "98 - 107",
    volume  = 32 
}

@article{hudak89,
    title   = "Conception, Languages Evolution, and Application of Functional Programming",
    author  = "P. Hudak",
    year    = 1989,
    journal = "ACM Computing Surveys",
    pages   = "359 - 411",
    volume  = 21,
}
